@article{Xu2018May,
	author = {Xu, Tao and Sun, Kun and Tao, Wenbing},
	title = {{GPU Accelerated Cascade Hashing Image Matching for Large Scale 3D Reconstruction}},
	journal = {arXiv},
	year = {2018},
	month = {May},
	eprint = {1805.08995},
	url = {https://arxiv.org/abs/1805.08995}
}

@article{sue2017,
	author = {Abdul{\textendash}Kreem, Luma Issa},
	title = {{Depth Estimation and Shape Reconstruction of a 2D Image Using N.N. and Bezier Surface Interpolation}},
	journal = {IRAQI JOURNAL OF COMPUTERS,COMMUNICATION AND CONTROL {\&} SYSTEMS ENGINEERING},
	volume = {17},
	number = {1},
	pages = {24--32},
	year = {2017},
	issn = {1811-9212},
	publisher = {University of Technology},
	url = {https://www.iasj.net/iasj?func=article\&aId=133957}
}

@article{Gnonnou2014Nov,
	author = {Gnonnou, Christo and Smaoui, Nadia},
	title = {{Segmentation and 3D reconstruction of MRI images for breast cancer detection}},
	journal = {International Image Processing, Applications and Systems Conference},
	pages = {1--6},
	year = {2014},
	month = {Nov},
	publisher = {IEEE},
	doi = {10.1109/IPAS.2014.7043316}
}

@article{Yu2018May,
	author = {Yu, Hui and Wang, Haijun and Shi, Yao and Xu, Ke and Yu, Xuyao and Cao, Yuzhen},
	title = {{The segmentation of bones in pelvic CT images based on extraction of key frames}},
	journal = {BMC Med. Imaging},
	volume = {18},
	number = {1},
	pages = {18},
	year = {2018},
	month = {May},
	issn = {1471-2342},
	doi = {10.1186/s12880-018-0260-x}
}

@article{Michael2018May,
	author = {Michael, Justin and Morton, Daniel and Batchelar, Deidre and Hilts, Michelle and Crook, Juanita and Fenster, Aaron},
	title = {{Development of a 3D Ultrasound Guidance System for Permanent Breast Seed Implantation}},
	journal = {Med. Phys.},
	year = {2018},
	month = {May},
	issn = {2473-4209},
	publisher = {This article is protected by},
	doi = {10.1002/mp.12990}
}

@article{Le2018May,
	author = {Le, Hanh N. D. and Nguyen, Hieu and Wang, Zhaoyang and Opfermann, Justin and Leonard, Simon and Krieger, Axel and Kang, Jin U.},
	title = {{Demonstration of a laparoscopic structured-illumination three-dimensional imaging system for guiding reconstructive bowel anastomosis}},
	journal = {J. Biomed. Opt.},
	volume = {23},
	number = {5},
	pages = {1--10},
	year = {2018},
	month = {May},
	issn = {1560-2281},
	publisher = {(2018Society of Photo-Optical Instrumentation Engineers (SPIE).},
	doi = {10.1117/1.JBO.23.5.056009}
}
